

@article{camden1984white,
  title={White lies in interpersonal communication: A taxonomy and preliminary investigation of social motivations},
  author={Camden, Carl and Motley, Michael T and Wilson, Ann},
  journal={Western Journal of Speech Communication},
  volume={48},
  number={4},
  pages={309--325},
  year={1984},
  publisher={Taylor \& Francis}
}

@article{griffiths2004online,
  title={Online computer gaming: a comparison of adolescent and adult gamers},
  author={Griffiths, Mark D and Davies, Mark NO and Chappell, Darren},
  journal={Journal of adolescence},
  volume={27},
  number={1},
  pages={87--96},
  year={2004},
  publisher={Elsevier}
}

@article{chan2011virtual,
  title={Virtual socialization in adults with spina bifida},
  author={Chan, Wendy M and Dicianno, Brad E},
  journal={PM\&R},
  volume={3},
  number={3},
  pages={219--225},
  year={2011},
  publisher={Elsevier}
}

@article{yee2006demographics,
  title={The demographics, motivations, and derived experiences of users of massively multi-user online graphical environments},
  author={Yee, Nick},
  journal={Presence},
  volume={15},
  number={3},
  pages={309--329},
  year={2006},
  publisher={MIT Press}
}

@article{livingstone2008taking,
  title={Taking risky opportunities in youthful content creation: teenagers' use of social networking sites for intimacy, privacy and self-expression},
  author={Livingstone, Sonia},
  journal={New media \& society},
  volume={10},
  number={3},
  pages={393--411},
  year={2008},
  publisher={SAGE Publications}
}

@article{roig2005lying,
  title={Lying and cheating: Fraudulent excuse making, cheating, and plagiarism},
  author={Roig, Miguel and Caso, Marissa},
  journal={The Journal of Psychology},
  volume={139},
  number={6},
  pages={485--494},
  year={2005},
  publisher={Taylor \& Francis}
}

@book{boyd2014s,
  title={It's complicated: The social lives of networked teens},
  author={Boyd, Danah},
  year={2014},
  publisher={Yale University Press}
}

@article{madden2013teens,
  title={Teens, social media, and privacy},
  author={Madden, Mary and Lenhart, Amanda and Cortesi, Sandra and Gasser, Urs and Duggan, Maeve and Smith, Aaron and Beaton, Meredith},
  journal={Pew Research Center},
  year={2013}
}

@article{lenhart2008teens,
  title={Teens, Video Games, and Civics: Teens' Gaming Experiences Are Diverse and Include Significant Social Interaction and Civic Engagement.},
  author={Lenhart, Amanda and Kahne, Joseph and Middaugh, Ellen and Macgill, Alexandra Rankin and Evans, Chris and Vitak, Jessica},
  journal={Pew Internet \& American Life Project},
  year={2008},
  publisher={ERIC}
}

@article{donath1999identity,
  title={Identity and deception in the virtual community},
  author={Donath, Judith S and others},
  journal={Communities in cyberspace},
  volume={1996},
  pages={29--59},
  year={1999}
}

@book{vrij2000detecting,
  title={Detecting lies and deceit: The psychology of lying and implications for professional practice},
  author={Vrij, Aldert},
  year={2000},
  publisher={Wiley}
}

@book{palfrey2013born,
  title={Born digital: Understanding the first generation of digital natives},
  author={Palfrey, John and Gasser, Urs},
  year={2013},
  publisher={Basic Books}
}


@article{lenhart2010social,
  title={Social Media \& Mobile Internet Use among Teens and Young Adults. Millennials.},
  author={Lenhart, Amanda and Purcell, Kristen and Smith, Aaron and Zickuhr, Kathryn},
  journal={Pew Internet \& American Life Project},
  year={2010},
  publisher={ERIC}
}

@article{depaulo1996lying,
  title={Lying in everyday life.},
  author={DePaulo, Bella M and Kashy, Deborah A and Kirkendol, Susan E and Wyer, Melissa M and Epstein, Jennifer A},
  journal={Journal of personality and social psychology},
  volume={70},
  number={5},
  pages={979},
  year={1996},
  publisher={American Psychological Association}
}

@article{hancock2007digital,
  title={Digital deception},
  author={Hancock, Jeffrey T},
  journal={Oxford handbook of internet psychology},
  pages={289--301},
  year={2007}
}

@article{buller1996testing,
  title={Testing interpersonal deception theory: The language of interpersonal deception},
  author={Buller, David B and Burgoon, Judee K and Buslig, Aileen and Roiger, James},
  journal={Communication theory},
  volume={6},
  number={3},
  pages={268--289},
  year={1996},
  publisher={Wiley Online Library}
}

@article{hample1980purposes,
  title={Purposes and effects of lying},
  author={Hample, Dale},
  journal={Southern Speech Communication Journal},
  volume={46},
  number={1},
  pages={33--47},
  year={1980},
  publisher={Taylor \& Francis}
}

@article{whitty2002liar,
  title={Liar, liar! An examination of how open, supportive and honest people are in chat rooms},
  author={Whitty, Monica T},
  journal={Computers in Human Behavior},
  volume={18},
  number={4},
  pages={343--352},
  year={2002},
  publisher={Elsevier}
}

@book{turkle2011life,
  title={Life on the Screen},
  author={Turkle, Sherry},
  year={2011},
  publisher={Simon and Schuster}
}

@article{yee2009proteus,
  title={The Proteus effect: Implications of transformed digital self-representation on online and offline behavior},
  author={Yee, Nick and Bailenson, Jeremy N and Ducheneaut, Nicolas},
  journal={Communication Research},
  year={2009},
  publisher={Sage Publications}
}

@article{hussain2008gender,
  title={Gender swapping and socializing in cyberspace: An exploratory study},
  author={Hussain, Zaheer and Griffiths, Mark D},
  journal={CyberPsychology \& Behavior},
  volume={11},
  number={1},
  pages={47--53},
  year={2008},
  publisher={Mary Ann Liebert, Inc. 140 Huguenot Street, 3rd Floor New Rochelle, NY 10801-5215 USA}
}

@article{van2008theorizing,
  title={Theorizing gender and the Internet: Past, present, and future},
  author={Van Doorn, Niels and Van Zoonen, Liesbeth},
  journal={The Routledge Handbook of Internet Politics},
  pages={261--74},
  year={2008}
}

@article{potts2014love,
  title={{`LOVE YOU GUYS (NO HOMO)' How gamers and fans play with sexuality, gender, and Minecraft on YouTube}},
  author={Potts, Amanda},
  journal={Critical Discourse Studies},
  number={ahead-of-print},
  pages={1--24},
  year={2014},
  publisher={Taylor \& Francis}
}

@article{hogan2010presentation,
  title={The presentation of self in the age of social media: Distinguishing performances and exhibitions online},
  author={Hogan, Bernie},
  journal={Bulletin of Science, Technology \& Society},
  pages={0270467610385893},
  year={2010},
  publisher={SAGE Publications}
}

@article{whitty2001age,
  title={Age/sex/location: Uncovering the social cues in the development of online relationships},
  author={Whitty, Monica and Gavin, Jeff},
  journal={CyberPsychology \& Behavior},
  volume={4},
  number={5},
  pages={623--630},
  year={2001},
  publisher={Mary Ann Liebert, Inc.}
}

@article{camden1984white,
  title={White lies in interpersonal communication: A taxonomy and preliminary investigation of social motivations},
  author={Camden, Carl and Motley, Michael T and Wilson, Ann},
  journal={Western Journal of Speech Communication},
  volume={48},
  number={4},
  pages={309--325},
  year={1984},
  publisher={Taylor \& Francis}
}

@article{depaulo2003cues,
  title={Cues to deception.},
  author={DePaulo, Bella M and Lindsay, James J and Malone, Brian E and Muhlenbruck, Laura and Charlton, Kelly and Cooper, Harris},
  journal={Psychological bulletin},
  volume={129},
  number={1},
  pages={74},
  year={2003},
  publisher={American Psychological Association}
}

@inproceedings{hancock2004deception,
  title={Deception and design: The impact of communication technology on lying behavior},
  author={Hancock, Jeffrey T and Thom-Santelli, Jennifer and Ritchie, Thompson},
  booktitle={Proceedings of the SIGCHI conference on Human factors in computing systems},
  pages={129--134},
  year={2004},
  organization={ACM}
}

@inproceedings{Burgoon:2003:TDM:820748.821362,
 author = {Burgoon, Judee K. and Stoner, Gates Matthew and Bonito, Joseph A. and Dunbar, Norah E.},
 title = {Trust and Deception in Mediated Communication},
 booktitle = {Proceedings of the 36th Annual Hawaii International Conference on System Sciences (HICSS'03) - Track1 - Volume 1},
 series = {HICSS '03},
 year = {2003},
 isbn = {0-7695-1874-5},
 pages = {44.1--},
 url = {http://dl.acm.org/citation.cfm?id=820748.821362},
 acmid = {821362},
 publisher = {IEEE Computer Society},
 address = {Washington, DC, USA},
} 

@inproceedings{hancock2009butler,
  title={Butler lies: awareness, deception and design},
  author={Hancock, Jeff and Birnholtz, Jeremy and Bazarova, Natalya and Guillory, Jamie and Perlin, Josh and Amos, Barrett},
  booktitle={Proceedings of the SIGCHI Conference on Human Factors in Computing Systems},
  pages={517--526},
  year={2009},
  organization={ACM}
}
@book{strauss1990basics,
  title={Basics of qualitative research: Grounded theory procedures and techniques.},
  author={Strauss, Anselm and Corbin, Juliet M},
  year={1990},
  publisher={Sage Publications, Inc}
}
@article{naquin2010finer,
  title={The finer points of lying online: e-mail versus pen and paper.},
  author={Naquin, Charles E and Kurtzberg, Terri R and Belkin, Liuba Y},
  journal={Journal of Applied Psychology},
  volume={95},
  number={2},
  pages={387},
  year={2010},
  publisher={American Psychological Association}
}

@online{salford,
  author = {John Sanford},
  title = {The Truth about Lying: Course explores history of deception},
  year = 2003,
  month = {April},
  day = 23,
  url = {http://news.stanford.edu/news/2003/april23/deception-423.html},
  urldate = {2003-04-23}
}

@article {JCC4:JCC420,
author = {Ellison, Nicole and Heino, Rebecca and Gibbs, Jennifer},
title = {Managing Impressions Online: Self-Presentation Processes in the Online Dating Environment},
journal = {Journal of Computer-Mediated Communication},
volume = {11},
number = {2},
publisher = {Blackwell Publishing Inc},
issn = {1083-6101},
url = {http://dx.doi.org/10.1111/j.1083-6101.2006.00020.x},
doi = {10.1111/j.1083-6101.2006.00020.x},
pages = {415--441},
year = {2006},
}

@article{caspi2006online,
  title={Online deception: Prevalence, motivation, and emotion},
  author={Caspi, Avner and Gorsky, Paul},
  journal={CyberPsychology \& Behavior},
  volume={9},
  number={1},
  pages={54--59},
  year={2006},
  publisher={Mary Ann Liebert, Inc. 2 Madison Avenue Larchmont, NY 10538 USA}
}

@inproceedings{Hancock:2007:TLO:1240624.1240697,
 author = {Hancock, Jeffrey T. and Toma, Catalina and Ellison, Nicole},
 title = {The Truth About Lying in Online Dating Profiles},
 booktitle = {Proceedings of the SIGCHI Conference on Human Factors in Computing Systems},
 series = {CHI '07},
 year = {2007},
 isbn = {978-1-59593-593-9},
 location = {San Jose, California, USA},
 pages = {449--452},
 numpages = {4},
 url = {http://doi.acm.org/10.1145/1240624.1240697},
 doi = {10.1145/1240624.1240697},
 acmid = {1240697},
 publisher = {ACM},
 address = {New York, NY, USA},
 keywords = {computer-mediated communication, deception, lying, online dating, self-presentation},
} 

@article{walther1996computer,
  title={Computer-mediated communication impersonal, interpersonal, and hyperpersonal interaction},
  author={Walther, Joseph B},
  journal={Communication research},
  volume={23},
  number={1},
  pages={3--43},
  year={1996},
  publisher={Sage Publications}
}

@misc{cameron_twitter,
  year={2013}
  howpublished={http://www.theguardian.com/politics/2013/jul/15/cameron-tweets-fake-iain-duncan-smith}
}

@inproceedings{guy2014,
  title={Constructed Identity and Social Machines: A Case Study
in Creative Media Production},
  author={Guy, Amy and Klein, Ewan},
  booktitle={WWW 2014 Companion},
  year={2014},
  publisher={ACM},
  address={Seoul}
}

@book{boyd2014,
  title={It's Complicated: The Social Lives of Networked Teens},
  author={boyd, danah},
  isbn={9780300166439},
  url={https://encrypted.google.com/books?id=s6PNAgAAQBAJ},
  year={2014},
  publisher={Yale University Press}
}

@online{guardian,
  author = {Bobbie Johnson},
  title = {Privacy no longer a social norm, says Facebook founder},
  year = 2010,
  month = {January},
  day = 11,
  url = {http://www.theguardian.com/technology/2010/jan/11/facebook-privacy},
  urldate = {2010-11-01}
}

@online{noplus,
  author = {John Doe},
  title = {Change the Youtube comment section back to its original form.},
  url = {https://www.change.org/p/google-change-the-youtube-comment-section-back-to-its-original-form},
  year = 2013,
  month = {November},
  day = 7,
}

@book{bok2011lying,
  title={{Lying: Moral choice in public and private life}},
  author={Bok, Sissela},
  year={2011},
  publisher={Random House LLC}
}

@article{Marwick2010,
author = {Marwick, a. E. and boyd, d.},
isbn = {1461444810},
issn = {1461-4448},
journal = {New Media \& Society},
month = jul,
number = {1},
pages = {114--133},
title = {{I tweet honestly, I tweet passionately: Twitter users, context collapse, and the imagined audience}},
volume = {13},
year = {2010}
}

@phdthesis{boyd2002faceted,
  title={Faceted id/entity: Managing representation in a digital world},
  author={boyd, danah},
  year={2002},
  school={Massachusetts Institute of Technology}
}

@article{cho2011astroturfing,
  title={Astroturfing global warming: It isn’t always greener on the other side of the fence},
  author={Cho, Charles H and Martens, Martin L and Kim, Hakkyun and Rodrigue, Michelle},
  journal={Journal of Business Ethics},
  volume={104},
  number={4},
  pages={571--587},
  year={2011},
  publisher={Springer}
}

@article{bu2013sock,
  title={A sock puppet detection algorithm on virtual spaces},
  author={Bu, Zhan and Xia, Zhengyou and Wang, Jiandong},
  journal={Knowledge-Based Systems},
  volume={37},
  pages={366--377},
  year={2013},
  publisher={Elsevier}
}

@inproceedings{solorio2013case,
  title={A case study of sockpuppet detection in wikipedia},
  author={Solorio, Thamar and Hasan, Ragib and Mizan, Mainul},
  booktitle={Workshop on Language Analysis in Social Media (LASM) at NAACL HLT},
  pages={59--68},
  year={2013}
}

 @misc{ fiftycent,
   author = "Wikipedia",
   title = "50 Cent Party",
   year = "2015",
   url=\url{http://en.wikipedia.org/wiki/50_Cent_Party},
   note = "[Online; accessed 20-March-2015]"
 }

@article{buckels2014trolls,
  title={Trolls just want to have fun},
  author={Buckels, Erin E and Trapnell, Paul D and Paulhus, Delroy L},
  journal={Personality and individual Differences},
  volume={67},
  pages={97--102},
  year={2014},
  publisher={Elsevier}
}

@inproceedings{zhang2014astroturfing,
  title={Online Astroturfing: A Theoretical Perspective},
  author={Zhang, Jerry and Carpenter, Darrell and Ko, Myung},
  booktitle={Americas Conference on Information Systems 2013 Proceedings},
  year={2014}
}

@article{brunton2011vernacular,
author = {Brunton, Finn and Nissenbaum, Helen},
journal = {First Monday},
number = {5},
pages = {1--16},
title = {{Vernacular resistance to data collection and analysis: A political theory of obfuscation}},
volume = {16},
year = {2011}
}

